<record><leader>00000cas a22000007a 4500</leader><controlfield tag="001">13030690</controlfield><controlfield tag="008">860116d19851993sdudn ne      0   a0eng d</controlfield><datafield ind1=" " ind2=" " tag="010"><subfield code="a">sn 86013741 </subfield></datafield><datafield ind1=" " ind2=" " tag="040"><subfield code="a">NSD</subfield><subfield code="b">eng</subfield><subfield code="c">NSD</subfield><subfield code="d">OCL</subfield><subfield code="d">SXN</subfield><subfield code="d">OCLCQ</subfield></datafield><datafield ind1=" " ind2=" " tag="012"><subfield code="j">0</subfield><subfield code="m">d</subfield></datafield><datafield ind1="1" ind2=" " tag="022"><subfield code="a">0886-8824</subfield><subfield code="l">0886-8824</subfield><subfield code="2">1</subfield></datafield><datafield ind1=" " ind2=" " tag="037"><subfield code="b">Spearfish Daily Queen City Mail, P.O. Box 7, Spearfish, S.D. 57783</subfield></datafield><datafield ind1=" " ind2=" " tag="042"><subfield code="a">nsdp</subfield></datafield><datafield ind1=" " ind2=" " tag="043"><subfield code="a">n-us-sd</subfield></datafield><datafield ind1=" " ind2="0" tag="222"><subfield code="a">Spearfish daily, Queen City mail</subfield></datafield><datafield ind1="0" ind2="0" tag="245"><subfield code="a">Spearfish daily Queen City mail.</subfield></datafield><datafield ind1="3" ind2="0" tag="246"><subfield code="a">Queen City mail</subfield></datafield><datafield ind1=" " ind2=" " tag="260"><subfield code="a">Spearfish, Lawrence County, S.D. :</subfield><subfield code="b">Bill Kemper,</subfield><subfield code="c">1985-1993.</subfield></datafield><datafield ind1=" " ind2=" " tag="300"><subfield code="a">v. :</subfield><subfield code="b">ill. ;</subfield><subfield code="c">58 cm.</subfield></datafield><datafield ind1=" " ind2=" " tag="310"><subfield code="a">Daily (Mon.-Fri.),</subfield><subfield code="b">Oct. 17, 1989-1993</subfield></datafield><datafield ind1=" " ind2=" " tag="321"><subfield code="a">Daily (Tues.-Sat.),</subfield><subfield code="b">1985-Oct. 14, 1989</subfield></datafield><datafield ind1="0" ind2=" " tag="362"><subfield code="a">Vol. 97, no. 1 (Dec. 3, 1985)-v. 104, no. 14 (Aug. 6, 1993).</subfield></datafield><datafield ind1=" " ind2=" " tag="530"><subfield code="a">Available on microfilm from: State Archives, South Dakota State Historical Society.</subfield></datafield><datafield ind1=" " ind2=" " tag="580"><subfield code="a">Formed by the merger of: Spearfish Queen City mail, and: Spearfish star.</subfield></datafield><datafield ind1=" " ind2=" " tag="752"><subfield code="a">United States</subfield><subfield code="b">South Dakota</subfield><subfield code="c">Lawrence</subfield><subfield code="d">Spearfish.</subfield></datafield><datafield ind1="1" ind2="4" tag="780"><subfield code="t">Spearfish Queen City mail</subfield><subfield code="w">(DLC)sn 98069020</subfield><subfield code="w">(OCoLC)28532081</subfield></datafield><datafield ind1="1" ind2="4" tag="780"><subfield code="t">Spearfish star</subfield><subfield code="w">(DLC)sn 97065899</subfield><subfield code="w">(OCoLC)31690038</subfield></datafield><datafield ind1="0" ind2="4" tag="785"><subfield code="t">Black Hills pioneer (Lead, S.D. : 1989)</subfield><subfield code="x">1061-6179</subfield><subfield code="w">(DLC)sn 92002500</subfield><subfield code="w">(OCoLC)21928320</subfield></datafield></record>